
###########################################################
## MathScheme Language  ####################################

@MastersThesis{zhang2009language,
	author = {Zhang, Huan},
	title = {A Language and a Library of Algebraic Theory-types},
	school = {McMaster University},
	year = {2009}
}

@incollection{farmer2007biform,
	title={Biform theories in Chiron},
	author={Farmer, William M},
	booktitle={Towards Mechanized Mathematical Assistants},
	pages={66--79},
	year={2007},
	publisher={Springer}
}

@inproceedings{carette2012theory,
	title={Theory presentation combinators},
	author={Carette, Jacques and O'Connor, Russell},
	booktitle={International Conference on Intelligent Computer Mathematics},
	pages={202--215},
	year={2012},
	organization={Springer}
}

@InProceedings{Carette2011,
	author = {Carette, Jacques
	and Farmer, William M.
	and O'Connor, Russell},
	title = {MathScheme: Project Description},
	booktitle = {Intelligent Computer Mathematics: 18th Symposium, Calculemus 2011, and 10th International Conference, MKM 2011, Bertinoro, Italy, July 18-23, 2011. Proceedings},
	OPTpages = {287--288},
	year = {2011},
	OPTeditor = {Davenport, James H.
	and Farmer, William M.
	and Urban, Josef
	and Rabe, Florian},
	OPTaddress = {Berlin, Heidelberg},
	OPTpublisher = {Springer Berlin Heidelberg},
}

@article{carette2011mathscheme,
	title={The mathscheme library: Some preliminary experiments},
	author={Carette, Jacques and Farmer, William M and Jeremic, Filip and Maccio, Vincent and O'Connor, Russell and Tran, Quang M},
	journal={arXiv preprint arXiv:1106.1862},
	year={2011}
}

@inproceedings{farmer1992little,
	title={Little theories},
	author={Farmer, William M and Guttman, Joshua D and Thayer, F Javier},
	booktitle={International Conference on Automated Deduction},
	pages={567--581},
	year={1992},
	organization={Springer}
}

@incollection{carette2014realms,
	title={Realms: A structure for consolidating knowledge about mathematical theories},
	author={Carette, Jacques and Farmer, William M and Kohlhase, Michael},
	booktitle={Intelligent Computer Mathematics},
	pages={252--266},
	year={2014},
	publisher={Springer}
}

@article{carette2018biform,
	title={Biform Theories: Project Description},
	author={Carette, Jacques and Farmer, William M and Sharoda, Yasmine},
	journal={arXiv preprint arXiv:1805.02709},
	year={2018}
}

@article{farmer2004mkm,
	title={MKM: a new interdisciplinary field of research},
	author={Farmer, William M},
	journal={ACM SIGSAM Bulletin},
	volume={38},
	number={2},
	pages={47--52},
	year={2004},
	publisher={ACM}
}

###########################################################
## References for Definitions ###################################

@book{ehrig2012fundamentals,
	title={Fundamentals of algebraic specification 1: Equations and initial semantics},
	author={Ehrig, Hartmut and Mahr, Bernd},
	volume={6},
	year={1985},
	publisher={Springer-Verlag Berlin Heidelberg}
}

@misc{wechler1992universal,
	title={Universal algebra for computer scientists, volume 25 of EATCS Monographs on Theoretical Computer Science},
	author={Wechler, Wolfgang},
	year={1992},
	publisher={Springer-Verlag}
}


@article{smith1999mechanizing,
	title={Mechanizing the development of software},
	author={Smith, Douglas R},
	journal={NATO ASI Series F Computer and Systems Sciences},
	volume={173},
	pages={251--292},
	year={1999},
	publisher={SPRINGER VERLAG}
}

@techreport{kapur1992tecton,
	title={Tecton: a framework for specifying and verifying generic system components},
	author={Kapur, Deepak and Musser, David},
	year={1992},
	institution={Technical Report RPI--92--20, Department of Computer Science, Rensselaer~…}
}

@article{bravenboer2008stratego,
	title={Stratego/XT 0.17. A language and toolset for program transformation},
	author={Bravenboer, Martin and Kalleberg, Karl Trygve and Vermaas, Rob and Visser, Eelco},
	journal={Technical Report Series TUD-SERG-2008-011},
	year={2008},
	publisher={Citeseer}
}

@Misc{lwdb_project,
	key = {LWDB},
	title = {Language Designer Workbench Project},
	howpublished = {https://eelcovisser.org/wiki/projects/ldwb},
	note = {Accessed: 2018-09-19},
	year = {2002}
}

@inproceedings{haftmann2010code,
	title={Code generation via higher-order rewrite systems},
	author={Haftmann, Florian and Nipkow, Tobias},
	booktitle={International Symposium on Functional and Logic Programming},
	pages={103--117},
	year={2010},
	organization={Springer}
}

@inproceedings{letouzey2002new,
	title={A new extraction for Coq},
	author={Letouzey, Pierre},
	booktitle={International Workshop on Types for Proofs and Programs},
	pages={200--219},
	year={2002},
	organization={Springer}
}

@article{mossakowski2002relating,
	title={Relating CASL with other specification languages: the institution level},
	author={Mossakowski, Till},
	journal={Theoretical Computer Science},
	volume={286},
	number={2},
	pages={367--475},
	year={2002},
	publisher={Elsevier}
}

@book{poernomo2005adapting,
	title={Adapting Proofs-as-Programs: The Curry--Howard Protocol},
	author={Poernomo, Iman and Crossley, John N and Wirsing, Martin},
	year={2005},
	publisher={Springer Science \& Business Media}
}

@misc{typedefs,
	title = {TypeDefs},
    howpublished = {https://typedefs.com/introduction/},
	OPTorganization = {Statebox},
	note = {Accessed: May 17, 2019},
}


###########################################################
## Scrap your boilerplate ########################################

@article{lammel2003scrap,
	title={Scrap your boilerplate: a practical design pattern for generic programming},
	author={L{\"a}mmel, Ralf and Jones, Simon Peyton},
	volume={38},
	number={3},
	year={2003},
	publisher={ACM}
}

@inproceedings{lammel2005scrap,
	title={Scrap your boilerplate with class: extensible generic functions},
	author={L{\"a}mmel, Ralf and Jones, Simon Peyton},
	booktitle={ACM SIGPLAN Notices},
	volume={40},
	number={9},
	pages={204--215},
	year={2005},
	organization={ACM}
}

@article{lammel2004icfp,
	title={ICFP 2004: Scrap More Boilerplate: Reflection, Zips, and Generalised Casts},
	author={L{\"a}mmel, Ralf and Jones, Simon Peyton},
	journal={ACM SIGPLAN Notices},
	volume={50},
	number={8},
	pages={23--34},
	year={2004},
	publisher={ACM}
}

@inproceedings{munkby2006scrap++,
	title={Scrap++: scrap your boilerplate in C++},
	author={Munkby, Gustav and Priesnitz, Andreas and Schupp, Sibylle and Zalewski, Marcin},
	booktitle={Proceedings of the 2006 ACM SIGPLAN workshop on Generic programming},
	pages={66--75},
	year={2006},
	organization={ACM}
}

@inproceedings{adams2014optimizing,
	title={Optimizing SYB is easy!},
	author={Adams, Michael D and Farmer, Andrew and Magalh{\~a}es, Jos{\'e} Pedro},
	booktitle={Proceedings of the ACM SIGPLAN 2014 workshop on Partial evaluation and program manipulation},
	pages={71--82},
	year={2014},
	organization={ACM}
}

@inproceedings{adams2010scrap,
	title={Scrap your zippers: a generic zipper for heterogeneous types},
	author={Adams, Michael D},
	booktitle={Proceedings of the 6th ACM SIGPLAN workshop on Generic programming},
	pages={13--24},
	year={2010},
	organization={ACM}
}

@inproceedings{lammel2007scrap,
	title={Scrap your boilerplate with XPath-like combinators},
	author={L{\"a}mmel, Ralf},
	booktitle={ACM SIGPLAN Notices},
	volume={42},
	number={1},
	pages={137--142},
	year={2007},
	organization={ACM}
}

@article{panitz2005scrap,
	title={The Scrap Your Boilerplate Pattern in Java (Draft)},
	author={Panitz, Sven Eric},
	year={2005},
	publisher={Citeseer}
}

@inproceedings{lammel2009scrap,
	title={Scrap your boilerplate: prologically!},
	author={L{\"a}mmel, Ralf},
	booktitle={Proceedings of the 11th ACM SIGPLAN conference on Principles and practice of declarative programming},
	pages={7--12},
	year={2009},
	organization={ACM}
}

@inproceedings{lammel2009scrap,
	title={Scrap your boilerplate: prologically!},
	author={L{\"a}mmel, Ralf},
	booktitle={Proceedings of the 11th ACM SIGPLAN conference on Principles and practice of declarative programming},
	pages={7--12},
	year={2009},
	organization={ACM}
}

###########################################################
## Variable Binding References ####################################

@article{keuchelinbound,
	title={INBOUND: Simple yet powerful Specification of Syntax with Binders},
	author={Keuchel, Steven and Schrijvers, Tom}
}

@Inbook{autosubst2015,
author="Sch{\"a}fer, Steven
and Tebbi, Tobias
and Smolka, Gert",
editor="Urban, Christian
and Zhang, Xingyuan",
title="Autosubst: Reasoning with de Bruijn Terms and Parallel Substitutions",
bookTitle="Interactive Theorem Proving: 6th International Conference, ITP 2015, Nanjing, China, August 24-27, 2015, Proceedings",
year="2015",
publisher="Springer International Publishing",
address="Cham",
pages="359--374",
abstract="Reasoning about syntax with binders plays an essential role in the formalization of the metatheory of programming languages. While the intricacies of binders can be ignored in paper proofs, formalizations involving binders tend to be heavyweight. We present a discipline for syntax with binders based on deÂ Bruijn terms and parallel substitutions, with a decision procedure covering all assumption-free equational substitution lemmas. The approach is implemented in the Coq library Autosubst, which additionally derives substitution operations and proofs of substitution lemmas for custom term types. We demonstrate the effectiveness of the approach with several case studies, including part A of the POPLmark challenge.",
isbn="978-3-319-22102-1",
doi="10.1007/978-3-319-22102-1_24",
url="https://doi.org/10.1007/978-3-319-22102-1_24"
}

@manual{autosubst_manual,
	author = {},
	title = {Autoubst Manual},
	date = {December 17, 2017},
	language = {English},
	version = {},
	organization = {Saarland University},
	pagetotal = {13},
	pubstate = {May 20, 2016}
}

@Inbook{Lee2012,
	author="Lee, Gyesik
	and Oliveira, Bruno C. D. S.
	and Cho, Sungkeun
	and Yi, Kwangkeun",
	editor="Seidl, Helmut",
	title="GMeta: A Generic Formal Metatheory Framework for First-Order Representations",
	bookTitle="Programming Languages and Systems: 21st European Symposium on Programming, ESOP 2012, Held as Part of the European Joint Conferences on Theory and Practice of Software, ETAPS 2012, Tallinn, Estonia, March 24 - April 1, 2012. Proceedings",
	year="2012",
	publisher="Springer Berlin Heidelberg",
	address="Berlin, Heidelberg",
	pages="436--455",
	abstract="This paper presents GMeta: a generic framework for first-order representations of variable binding that provides once and for all many of the so-called infrastructure lemmas and definitions required in mechanizations of formal metatheory. The key idea is to employ datatype-generic programming (DGP) and modular programming techniques to deal with the infrastructure overhead. Using a generic universe for representing a large family of object languages we define datatype-generic libraries of infrastructure for first-order representations such as locally nameless or de Bruijn indices. Modules are used to provide templates: a convenient interface between the datatype-generic libraries and the end-users of GMeta. We conducted case studies based on the POPLmark challenge, and showed that dealing with challenging binding constructs, like the ones found in System F              <{\thinspace}:, is possible with GMeta. All of GMeta's generic infrastructure is implemented in the Coq theorem prover. Furthermore, due to GMeta's modular design, the libraries can be easily used, extended, and customized by users.",
	isbn="978-3-642-28869-2",
	doi="10.1007/978-3-642-28869-2_22",
	url="https://doi.org/10.1007/978-3-642-28869-2_22"
}

@inproceedings{poplmark,
	author = {Aydemir, Brian E. and Bohannon, Aaron and Fairbairn, Matthew and Foster, J. Nathan and Pierce, Benjamin C. and Sewell, Peter and Vytiniotis, Dimitrios and Washburn, Geoffrey and Weirich, Stephanie and Zdancewic, Steve},
	title = {Mechanized Metatheory for the Masses: The PoplMark Challenge},
	booktitle = {Proceedings of the 18th International Conference on Theorem Proving in Higher Order Logics},
	series = {TPHOLs'05},
	year = {2005},
	isbn = {3-540-28372-2, 978-3-540-28372-0},
	location = {Oxford, UK},
	pages = {50--65},
	numpages = {16},
	url = {http://dx.doi.org/10.1007/11541868_4},
	doi = {10.1007/11541868_4},
	acmid = {2145062},
	publisher = {Springer-Verlag},
	address = {Berlin, Heidelberg},
} 

@article{lee2013two,
	title={Two Recent Approaches to Mechanical Developments of Formal Metatheory},
	author={Lee, Gyesik},
	journal={Mechanical Engineering},
	pages={39--42},
	year={2013}
}

@inproceedings{pfenning1988higher,
	title={Higher-order abstract syntax},
	author={Pfenning, Frank and Elliott, Conal},
	booktitle={ACM SIGPLAN Notices},
	volume={23},
	number={7},
	pages={199--208},
	year={1988},
	organization={ACM}
}

@inproceedings{keuchel2016needle,
	title={Needle \& Knot: Binder boilerplate tied up},
	author={Keuchel, Steven and Weirich, Stephanie and Schrijvers, Tom},
	booktitle={European Symposium on Programming Languages and Systems},
	pages={419--445},
	year={2016},
	organization={Springer}
}

@misc{pottier2017visitors,
	title={Visitors Unchained},
	author={Pottier, Fran{\c{c}}ois},
	year={2017}
}

@article{aydemir2010lngen,
	title={LNgen: Tool support for locally nameless representations},
	author={Aydemir, Brian and Weirich, Stephanie},
	year={2010}
}

@inproceedings{polonowski2013dbgen,
	title={Automatically generated infrastructure for De Bruijn syntaxes},
	author={Polonowski, Emmanuel},
	booktitle={International Conference on Interactive Theorem Proving},
	pages={402--417},
	year={2013},
	organization={Springer}
}

@inproceedings{Ott2007,
	author = {Sewell, Peter and Nardelli, Francesco Zappa and Owens, Scott and Peskine, Gilles and Ridge, Thomas and Sarkar, Susmit and Strni\v{s}a, Rok},
	title = {Ott: Effective Tool Support for the Working Semanticist},
	booktitle = {Proceedings of the 12th ACM SIGPLAN International Conference on Functional Programming},
	series = {ICFP '07},
	year = {2007},
	isbn = {978-1-59593-815-2},
	location = {Freiburg, Germany},
	pages = {1--12},
	numpages = {12},
	url = {http://doi.acm.org/10.1145/1291151.1291155},
	doi = {10.1145/1291151.1291155},
	acmid = {1291155},
	publisher = {ACM},
	address = {New York, NY, USA},
} 

@incollection{costantini2002meta,
	title={Meta-reasoning: a survey},
	author={Costantini, Stefania},
	booktitle={Computational Logic: Logic Programming and Beyond},
	pages={253--288},
	year={2002},
	publisher={Springer}
}

###########################################################
## MMT ##################################################

@Misc{MMT_project,
	key = {MMT Project},
	title = {MMT Project},
	howpublished = {http://uniformal.github.io/doc/},
	note = {Accessed: 2017-09-15}
}


@misc{MMT_homepage,
	ALTauthor = {Florian Rabe},
	title = {{MMT} Project},
	year = {2005},
	howpublished = {http://uniformal.github.io/doc/},
	note = {Accessed: 2017-09-15},
}


@article{kohlhase2016qed,
	title={QED Reloaded: Towards a Pluralistic Formal Library of Mathematical Knowledge},
	author={Kohlhase, Michael and Rabe, Florian},
	journal={Journal of Formalized Reasoning},
	volume={9},
	number={1},
	pages={201--234},
	year={2016}
}

@article{pfenning2001logical,
	title={Logical Frameworks.},
	author={Pfenning, Frank},
	journal={Handbook of automated reasoning},
	volume={2},
	pages={1063--1147},
	year={2001}
}

@inproceedings{rabe2008exchange,
	title={An Exchange Format for Modular Knowledge.},
	author={Rabe, Florian and Kohlhase, Michael},
	booktitle={LPAR Workshops},
	year={2008}
}

@article{RabeTheoryMorphism2015,
	author = {Rabe, Florian},
	title = {Lax Theory Morphisms},
	journal = {ACM Trans. Comput. Logic},
	issue_date = {December 2015},
	volume = {17},
	number = {1},
	month = oct,
	year = {2015},
	issn = {1529-3785},
	pages = {5:1--5:36},
	articleno = {5},
	numpages = {36},
	url = {http://doi.acm.org/10.1145/2818644},
	doi = {10.1145/2818644},
	acmid = {2818644},
	publisher = {ACM},
	address = {New York, NY, USA},
	keywords = {Theory morphism, dependent type theory, logical framework, logical relation, representation theorem, translation},
} 

@Article{RabeFutureOfLogics2016,
	author="Rabe, Florian",
	title="The Future of Logic: Foundation-Independence",
	journal="Logica Universalis",
	year="2016",
	month="Mar",
	day="01",
	volume="10",
	number="1",
	pages="1--20",
	issn="1661-8300",
	doi="10.1007/s11787-015-0132-x",
	url="https://doi.org/10.1007/s11787-015-0132-x"
}

@Misc{mathhubTut2017,
	key = {MMT Tutorial},
	author = {Michael Kohlhase, Dennis M{\"u}ller},
	title = {MMT Tutorial},
	howpublished = {https://gl.mathhub.info/Teaching/KRMT/tree/master/source/tutorial},
	month = {July},
	year = {2017},
	note = {Accessed: 2017-10-02}
}

@article{rabe2017recon,
	author = "F. Rabe",
	title = "{A Modular Type Reconstruction Algorithm}",
	year = "2018",
	pages = "1--43",
	journal = "ACM Transactions on Computational Logic",
	volume = "19",
	number = "4"
}

@inproceedings{kohlhase2010towards,
	title={Towards MKM in the large: Modular representation and scalable software architecture},
	author={Kohlhase, Michael and Rabe, Florian and Zholudev, Vyacheslav},
	booktitle={International Conference on Intelligent Computer Mathematics},
	pages={370--384},
	year={2010},
	organization={Springer}
}

###########################################################
## Others ##################################################
@inproceedings{capretta1999universal,
	title={Universal algebra in type theory},
	author={Capretta, Venanzio},
	booktitle={International Conference on Theorem Proving in Higher Order Logics},
	pages={131--148},
	year={1999},
	organization={Springer}
}

@article{benke2003universes,
	title={Universes for generic programs and proofs in dependent type theory},
	author={Benke, Marcin and Dybjer, Peter and Jansson, Patrik},
	journal={Nord. J. Comput.},
	volume={10},
	number={4},
	pages={265--289},
	year={2003}
}

@article{spitters2011type,
	title={Type classes for mathematics in type theory},
	author={Spitters, Bas and Van der Weegen, Eelis},
	journal={Mathematical Structures in Computer Science},
	volume={21},
	number={4},
	pages={795--825},
	year={2011},
	publisher={Cambridge University Press}
}

@article{gunther2018formalization,
	title={Formalization of Universal Algebra in Agda},
	author={Gunther, Emmanuel and Gadea, Alejandro and Pagano, Miguel},
	journal={Electronic Notes in Theoretical Computer Science},
	volume={338},
	pages={147--166},
	year={2018},
	publisher={Elsevier}
}

@Article{Heras2015,
	author="Heras, J{\'o}nathan
	and Mart{\'i}n-Mateos, Francisco Jes{\'u}s
	and Pascual, Vico",
	title="Modelling algebraic structures and morphisms in ACL2",
	journal="Applicable Algebra in Engineering, Communication and Computing",
	year="2015",
	month="Jun",
	day="01",
	pages="277--303"
}

@inproceedings{MFK2018TheoriesAsTypes,
	author    = {Dennis M{\"{u}}ller and
	Florian Rabe and
	Michael Kohlhase},
	title     = {Theories as Types},
	booktitle = {Automated Reasoning - 9th International Joint Conference, {IJCAR}
	2018, Held as Part of the Federated Logic Conference, FloC 2018, Oxford,
	UK, July 14-17, 2018, Proceedings},
	pages     = {575--590},
	year      = {2018},
	crossref  = {DBLP:conf/cade/2018},
	url       = {https://doi.org/10.1007/978-3-319-94205-6\_38},
	doi       = {10.1007/978-3-319-94205-6\_38},
	timestamp = {Mon, 09 Jul 2018 13:01:56 +0200},
	biburl    = {https://dblp.org/rec/bib/conf/cade/MullerRK18},
	bibsource = {dblp computer science bibliography, https://dblp.org}
}


@InProceedings{Goguen1984Institutions,
	author="Goguen, J. A.
	and Burstall, R. M.",
	editor="Clarke, Edmund
	and Kozen, Dexter",
	title="Introducing institutions",
	booktitle="Logics of Programs",
	year="1984",
	publisher="Springer Berlin Heidelberg",
	address="Berlin, Heidelberg",
	pages="221--256"
}

@InProceedings{Gibbons2007DGP,
	author="Gibbons, Jeremy",
	editor="Backhouse, Roland
	and Gibbons, Jeremy
	and Hinze, Ralf
	and Jeuring, Johan",
	title="Datatype-Generic Programming",
	booktitle="Datatype-Generic Programming",
	year="2007",
	publisher="Springer Berlin Heidelberg",
	address="Berlin, Heidelberg",
	pages="1--71"
}

@incollection{hinze2007comparing,
	title={Comparing approaches to generic programming in Haskell},
	author={Hinze, Ralf and Jeuring, Johan and L{\"o}h, Andres},
	booktitle={Datatype-Generic Programming},
	pages={72--149},
	year={2007},
	publisher={Springer}
}

@Inbook{Hinze2003GenericHs,
	author="Hinze, Ralf
	and Jeuring, Johan",
	editor="Backhouse, Roland
	and Gibbons, Jeremy",
	title="Chapter 1. Generic Haskell: Practice and Theory",
	bookTitle="Generic Programming: Advanced Lectures",
	year="2003",
	publisher="Springer Berlin Heidelberg",
	address="Berlin, Heidelberg",
	pages="1--56"
}

@inproceedings{Jansson1997PolyP,
	author = {Jansson, Patrik and Jeuring, Johan},
	title = {PolyP\&Mdash;a Polytypic Programming Language Extension},
	booktitle = {Proceedings of the 24th ACM SIGPLAN-SIGACT Symposium on Principles of Programming Languages},
	series = {POPL '97},
	year = {1997},
	isbn = {0-89791-853-3},
	location = {Paris, France},
	pages = {470--482},
	numpages = {13},
	url = {http://doi.acm.org/10.1145/263699.263763},
	doi = {10.1145/263699.263763},
	acmid = {263763},
	publisher = {ACM},
	address = {New York, NY, USA},
} 

@inproceedings{winstanley1997type,
	title={A type-sensitive preprocessor for Haskell},
	author={Winstanley, Noel},
	booktitle={Glasgow Workshop on Functional Programming, Ullapool},
	year={1997},
	organization={Citeseer}
}

@InProceedings{Norell2004TemplateHs,
	author="Norell, Ulf
	and Jansson, Patrik",
	editor="Kozen, Dexter",
	title="Prototyping Generic Programming in Template Haskell",
	booktitle="Mathematics of Program Construction",
	year="2004",
	publisher="Springer Berlin Heidelberg",
	address="Berlin, Heidelberg",
	pages="314--333
}

@Misc{lenses_tut,
	key = {Control.Lense Tutorial},
	title = {Tutorial on Control.Lens},
	howpublished = {http://hackage.haskell.org/package/lens-tutorial-1.0.3/docs/Control-Lens-Tutorial.html},
	note = {Accessed: 2018-09-18}
}

@techreport{piroi2007organisational,
	title={Organisational Tools for MKM in Theorema},
	author={Piroi, Florina and Buchberger, Bruno and Rosenkranz, Camelia and Jebelean, Tudor},
	year={2007},
	institution={Technical report}
}
